@article{diaz,
  title={The employment advantages of skilled urban municipalities in Colombia},
  author={D{\'\i}az, Ana Mar{\'\i}a},
  journal={Ensayos sobre Pol{\'\i}tica Econ{\'o}mica},
  volume={31},
  number={SPE70},
  pages={315--366},
  year={2013},
  publisher={Banco de la Rep{\'u}blica}
}

@article{rodriguez,
  title={Tropical economic miracles},
  author={Rodr{\'\i}guez Acosta, Mauricio},
  journal={Desarrollo y Sociedad},
  number={72},
  pages={11--69},
  year={2013},
  publisher={Universidad de los Andes}
}


|@article{institutions,
  title={Institutions matter?},
  author={Przeworski, Adam},
  journal={Government and opposition},
  volume={39},
  number={4},
  pages={527--540},
  year={2004},
  publisher={Wiley Online Library}
}


@article{acemoglu,
  title={Finding Eldorado: Slavery and long-run development in Colombia},
  author={Acemoglu, Daron and Garc{\'\i}a-Jimeno, Camilo and Robinson, James A},
  journal={Journal of Comparative Economics},
  volume={40},
  number={4},
  pages={534--564},
  year={2012},
  publisher={Elsevier}
}

@article{income,
  title={Income distribution, human capital and economic growth in Colombia},
  author={Birchenall, Javier A},
  journal={Journal of Development Economics},
  volume={66},
  number={1},
  pages={271--287},
  year={2001},
  publisher={Elsevier}
}


@article{mendoza,
  title={The economic effects of geography: Colombia as a case study},
  author={Mendoza, Juan and Rosas, Andr{\'e}s},
  journal={Desarrollo y Sociedad},
  number={70},
  pages={117--149},
  year={2012},
  publisher={Universidad de los Andes}
}


@article{clavijo,
  title={Growth and productivity in Colombia},
  author={Clavijo, Sergio},
  journal={Banco de la Rep{\'u}blica},
  year={2003}
}

@book{sanchez,
  title={Geography and economic development in Colombia: a municipal approach},
  author={S{\'a}nchez, Fabio and M{\'e}ndez, Jairo N{\'u}{\~n}ez},
  year={2000},
  publisher={Inter-American Development Bank}
}