@book{mendenhall,
  title={Probabilidad y estadistica: Para ingenieria y ciencias},
  author={Mendenhall, William Sincich and Terry, Escalona and others},
  year={1997}
}

@article{dietz,
  title={Statistics for Biology and Health},
  author={Dietz, K and Gail, M and Krickeberg, K and Samet, J and Tsiatis, A},
  journal={Survival Analysis, Edition Springer},
  year={2002},
  publisher={Springer}
}

@article{hoel,
  title={Introduction to mathematical statistics.},
  author={Hoel, Paul G and others},
  journal={Introduction to mathematical statistics.},
  number={2nd Ed},
  year={1954},
  publisher={John Wiley \& Sons, Inc., New York \& Chapman \& Hall, Ltd., London}
}

@article{lora,
  title={T{\'e}cnicas de medici{\'o}n econ{\'o}mica},
  author={Lora, Eduardo and Prada, Sergio},
  journal={Metodolog{\'\i}a y aplicaciones en Colombia},
  volume={4},
  year={2008}
}


@article{deaton2003,
  title={Health, inequality, and economic development},
  author={Deaton, Angus},
  journal={Journal of economic literature},
  volume={41},
  number={1},
  pages={113--158},
  year={2003}
}

@article{deaton2006,
  title={The determinants of mortality},
  author={Cutler, David and Deaton, Angus and Lleras-Muney, Adriana},
  journal={Journal of economic perspectives},
  volume={20},
  number={3},
  pages={97--120},
  year={2006}
}


@article{triquinosis,
  title={Triquinosis},
  author={Pereira, {\'A}urea and P{\'e}rez, M{\'o}nica},
  journal={Offarm: farmacia y sociedad},
  volume={20},
  number={9},
  pages={112--118},
  year={2001}
}